@book{01_KuroseJamesF2013Cn:a,
	publisher = {Pearson},
	isbn = {9780132856201},
	year = {2013},
	title = {Computer networking : a top-down approach},
	edition = {6th ed.},
	language = {eng},
	address = {Boston},
	author = {Kurose, James F},
	keywords = {Internet; Computer networks},
	lccn = {2011048215},
}

@misc{04_wiki:p2p,
	author = "{Wikipedia contributors}",
	title = "Peer-to-peer --- {Wikipedia}{,} The Free Encyclopedia",
	year = "2020",
	url = "https://en.wikipedia.org/w/index.php?title=Peer-to-peer&oldid=952353970",
	note = "[Online; accessed 4-May-2020]"
}

@INPROCEEDINGS{07_7907024,
	author={M. {Comb} and P. A. {Watters}},
	booktitle={2016 14th Annual Conference on Privacy, Security and Trust (PST)},
	title={Peeking behind the great firewall: Privacy on Chinese file sharing networks},
	year={2016},
	volume={},
	number={},
	pages={650-656},
}

@online{08_website:southtexascollege,
	author = {South Texas College},
	title = {Digital Millennium Copyright Act},
	url = {https://www.southtexascollege.edu/about/notices/dmca.html},
}

@article{12_10.2307/40863687,
	ISSN = {01674544, 15730697},
	URL = {http://www.jstor.org/stable/40863687},
	author = {Ugo Pagallo and Massimo Durante},
	journal = {Journal of Business Ethics},
	pages = {551--564},
	publisher = {Springer},
	title = {Three Roads to P2P Systems and Their Impact on Business Practices and Ethics},
	volume = {90},
	year = {2009}
}

@article{13_LeeEdward2005TEoI,
	issn = {0167-4544},
	journal = {Journal of Business Ethics},
	pages = {147--162},
	volume = {62},
	publisher = {Kluwer Academic Publishers},
	number = {2},
	year = {2005},
	title = {The Ethics of Innovation: p2p Software Developers and Designing Substantial Noninfringing Uses Under the Sony Doctrine},
	language = {eng},
	address = {Dordrecht},
	author = {Lee, Edward},
	keywords = {copyright ; file sharing ; innovation ; music downloading ; peer-to-peer software ; safe harbor ; Sony ; technology},
}

@article{14_lemley2005quick,
	title={A Quick and Inexpensive System for Resolving Peer-to-Peer Copyright Disputes},
	author={Lemley, Mark A and Reese, R Anthony},
	journal={Cardozo Arts \& Ent. LJ},
	volume={23},
	pages={1},
	year={2005},
	publisher={HeinOnline}
}

@online{16_TorrentingEthics,
	author = {Reddit Users},
	title = {Torrenting Ethics (Especially for Noobs)},
	url = {https://www.reddit.com/r/torrents/comments/5px5ij/},
}

@article{17_article,
	author = {Shang, Rong-An and Chen, Yu-Chen and Chen, Pin-Cheng},
	year = {2008},
	month = {02},
	pages = {349-365},
	title = {Ethical Decisions About Sharing Music Files in the P2P Environment},
	volume = {80},
	journal = {Journal of Business Ethics},
	doi = {10.1007/s10551-007-9424-2}
}

@article{18_article,
	author = {Bateman, Connie and Valentine, Sean and Rittenburg, Terri},
	year = {2012},
	month = {06},
	pages = {},
	title = {Ethical Decision Making in a Peer-to-Peer File Sharing Situation: The Role of Moral Absolutes and Social Consensus},
	volume = {115},
	journal = {Journal of Business Ethics},
	doi = {10.1007/s10551-012-1388-1}
}

@online{24_P2PLeecher,
	author = {Jacqui Cheng},
	title = {P2P leecher targeted in Germany for making files available},
	url = {https://arstechnica.com/tech-policy/2008/07/when-making-available-means-not-making-anything-available/},
	year = {2008},
	month = {07},
}

@online{26_UCDavisDMCA,
	author = {Office of Research, UC Davis},
	title = {The Digital Millennium Copyright Act (DMCA)},
	url = {https://research.ucdavis.edu/industry/ia/researchers/copyright/dmca/},
}

@online{28_CMU_DMCA,
	author = {Information Security Office, Carnegie Mellon University},
	title = {Digital Copyright and DMCA},
	url = {https://www.cmu.edu/iso/aware/dmca/},
}

@misc{29_HighEduOppAct,
	author = {110th Congress},
	title = {Higher Education Opportunity Act},
	url = {https://www.govinfo.gov/content/pkg/PLAW-110publ315/html/PLAW-110publ315.htm},
	year = {2008},
	month = {08},
}

@article{30_HighEduAndDMCA,
	author = {Cotropia, Christopher and Gibson, James},
	title = {Higher Education and the DMCA},
	journal = {Richmond Journal of Law and Technology},
	volume = {25},
	issue = {2},
	year = {2018},
}

@online{34_FrenchPresident,
	author = {Matthew Humphries},
	title = {French president Nicolas Sarkozy has broken his own three-strikes piracy rules},
	url = {https://www.geek.com/news/french-president-nicolas-sarkozy-has-broken-his-one-three-strikes-piracy-rules-1450131/},
	year = {2011},
	month = {12},
}

@online{35_YourTorrent,
	author = {Lee Mathews},
	title = {Your torrent download history is now available for everyone to see},
	url = {https://www.geek.com/news/your-torrent-download-history-is-now-available-for-everyone-to-see-1448729/},
	year = {2011},
	month = {12},
}

@online{36_YouHaveDownloaded,
	title = {YouHaveDownloaded.com Alternatives},
	url = {https://www.cogipas.com/youhavedownloaded-com-alternatives/},
	year = {2018},
	month = {03},
}

@INPROCEEDINGS{37_1698430,
	author={A. {Mondal} and M. {Kitsuregawa}},
	booktitle={17th International Workshop on Database and Expert Systems Applications (DEXA'06)},
	title={Privacy, Security and Trust in P2P environments: A Perspective},
	 year={2006},
	volume={},
	number={},
	pages={682-686},
}

@inproceedings{40_wolchok2010crawling,
	title={Crawling BitTorrent DHTs for Fun and Profit.},
	author={Wolchok, Scott and Halderman, J Alex},
	booktitle={WOOT},
	year={2010}
}

@inproceedings{48_banerjee2007p2p,
	title={The P2P war: Someone is monitoring your activities!},
	author={Banerjee, Anirban and Faloutsos, Michalis and Bhuyan, Laxmi},
	booktitle={International Conference on Research in Networking},
	pages={1096--1107},
	year={2007},
	organization={Springer}
}

@online{49_P2PvsCS,
	title = {Peer-to-Peer versus a Client-Server},
	url = {http://www.dewassoc.com/support/networking/serverpeer.htm},
	year = {2000},
}

@online{50_HomeNetworking,
	author = {Michael Wolf},
	title = {Home Networking: What Type Is Best?},
	url = {https://www.informit.com/articles/article.aspx?p=26437&seqNum=3},
	year = {2002},
	month = {04},
}

@online{51_CSNetwork,
	title = {Client-Server Networks},
	url = {https://www.computerscience.gcse.guru/theory/client-server-networks},
}

@article{53_house2011technical,
	title={Technical report: An estimate of infringing use of the internet},
	author={House, Betjeman},
	journal={Analysis},
	pages={1--56},
	year={2011}
}

@article{54_d2014bittorrent,
	title={Bittorrent Copyright Trolls: A Deficiency in the Federal Rules of Civil Procedure},
	author={D'Amato, David},
	journal={Rutgers Computer \& Tech. LJ},
	volume={40},
	pages={190},
	year={2014},
	publisher={HeinOnline}
}

@misc{55_DMCA,
	author = {105th Congress},
	title = {Digital Millennium Copyright Act},
	url = {https://www.govinfo.gov/content/pkg/PLAW-105publ304/pdf/PLAW-105publ304.pdf},
	year = {1998},
	month = {10},
}

@online{56_RIAA,
	author = {RIAA},
	title = {About Piracy},
	url = {https://www.riaa.com/resources-learning/about-piracy/},
	year = {2020},
}

@online{57_MPAA,
	author = {Motion Picture Association},
	title = {Advancing Creativity},
	url = {https://www.motionpictures.org/what-we-do/advancing-creativity/},
	year = {2020},
}

@article{59_postman1998five,
	title={Five things we need to know about technological change},
	author={Postman, Neil},
	year={1998},
}

@online{60_napster,
	title = {Napster: the day the music was set free},
	author = {Tom Lamont},
	year = {2013},
	month = {02},
}

